@online{DataProtectionMaterials,
    title = {{Прокачаться в 2023 — подборка материалов по киберугрозам и защите данных}},
    author = {{randall}},
    url = {https://habr.com/ru/companies/cloud_mts/articles/710986/},
    urldate = {2024-04-26},
    year={2023}
}

@online{oracleWhatIsDatabase,
    title = {{Что такое база данных}},
    url = {https://www.oracle.com/cis/database/what-is-database/},
    urldate = {2024-04-29}
}

@online{CCRFPart4,
    title = {{Гражданский кодекс Российской Федерации (часть четвертая) от 18.12.2006 N 230-ФЗ (ред. от 30.01.2024)}},
    url = {https://www.consultant.ru/cons/cgi/online.cgi?req=doc&base=LAW&n=468390&cacheid=D6E5187FB4B223B671BA9DBF3CFB6481&mode=splus&rnd=PzoSNCUeeaeMXDe71#RS1TNCUEfyB4FXPg},
    urldate = {2024-05-05}
}

@online{Lihonosov2011,
    author = {{Лихоносов А. Г.}},
    title = {{Интернет-курс по дисциплине Безопасность баз данных}},
    url = {http://www.e-biblio.ru/book/bib/01_informatika/b_baz_dan/sg.html},
    urldate = {2020-03-01},
    year={2011}
}

@online{bdufstec,
    title = {{Банк данных угроз безопасности информации}},
    url={https://bdu.fstec.ru/threat},
    year = 2025,
    urldate = {2025-04-29}
}

@online{LAPA,
    title = {{Основные аспекты безопасности СУБД: что следует знать}},
    author = {{Лапа}},
    year = {2016},
    url = {https://tproger.ru/articles/db-security-basics/},
    urldate = {2024-05-05}
}

@book{Pirogov2009,
    author    = {Пирогов, В.Ю.},
    title     = {{Информационные системы и базы данных: организация и проектирование}},
    publisher = {БХВ-Петербург},
    year      = 2009,
    isbn      = {978-5-9775-0399-0},
    url = {https://litmy.ru/knigi/os_bd/107950-informacionnye-sistemy-i-bazy-dannyh-organizaciya-i-proektirovanie.html}
}

@techreport{fstec17,
  title       = {Приказ ФСТЭК России от 11.02.2013 N 17 (ред. от 28.08.2024) "Об утверждении Требований о защите информации, не составляющей государственную тайну, содержащейся в государственных информационных системах"},
  institution = {ФЕДЕРАЛЬНАЯ СЛУЖБА ПО ТЕХНИЧЕСКОМУ И ЭКСПОРТНОМУ КОНТРОЛЮ (ФСТЭК РОССИИ)},
  url={https://www.consultant.ru/document/cons_doc_LAW_147084/}
}

@online{FSTEKOBKIS,
    title = {{Приказ ФСТЭК России от 25 декабря 2017 г. N 239. Требования по обеспечению безопасности значимых объектов критической информационной инфраструктуры Российской Федерации}},
    url = {https://fstec.ru/dokumenty/vse-dokumenty/prikazy/prikaz-fstek-rossii-ot-25-dekabrya-2017-g-n-239},
    urldate = {2024-05-12},
    year = {2017}
}

@online{MicrosoftLearnSQLserverPerm,
    title={Microsoft SQL Server. Get started with Database Engine permissions},
    url={https://learn.microsoft.com/en-us/sql/relational-databases/security/authentication-access/getting-started-with-database-engine-permissions?view=sql-server-ver16},
    urldate = {2025-06-04}
}

@online{oracledbdoc3,
    title={Oracle Database Security Guide. Part II Managing Security for Oracle Database Users},
    url={https://docs.oracle.com/en/database/oracle/oracle-database/19/dbseg/managing-security-for-oracle-database-users.html#GUID-8C779885-01F2-48E0-9612-E33508885B19},
    urldate = {2025-06-04}
}

@book{ElmasriNavathe,
    author    = {Ramez Elmasri, Shamkant B. Navathe},
    title     = {{Fundamentals of Database Systems. 6th edition}},
    publisher = {Addison-Wesley (Pearson)},
    year      = 2010,
    url = {https://asolanki.co.in/wp-content/uploads/2019/02/Fundamentals_of_Database_Systems_6th_Edition-1.pdf}
}

@book{Silberschatz,
    author    = {Abraham Silberschatz, Henry F. Korth, S. Sudarshan},
    title     = {{Database System Concepts. 7th edition}},
    publisher = {McGrawHill},
    year      = 2020,
    url = {https://github.com/Moataz-Elmesmary/Data-Science-Roadmap/blob/main/Books/Abraham%20Silberschatz%2C%20Henry%20Korth%20and%20S.%20Sudarshan%20-%20Database%20System%20Concepts.%207-McGraw-Hill%20Education%20(2020).pdf}
}

@book{Tanenbaum,
    author    = {Таненбаум Э., Вудхалл А.},
    title     = {{Операционные системы: разработка и реализация}},
    publisher = {СПб.: Питер},
    year      = 2007,
    isbn      = {978-5-469-01403-9}
}

@article{Al2015,
    author = {Ал-Исауи Висам Чяад Карим, Смелов Владимир Владиславович, and Мороз Леонарда Станиславовна},
    journal = {Труды БГТУ. Серия 3: Физико-математические науки и информатика},
    number = {6},
    pages = {171--175},
    title = {{Обобщенная модель информационной безопасности системы управления базами данных}},
    url = {https://cyberleninka.ru/article/n/obobschennaya-model-informatsionnoy-bezopasnosti-sistemy-upravleniya-bazami-dannyh/viewer},
    year = {2015}
}

@article{Ytebov2008,
    author = {Утебов Данияр Рашидович, Белов Сергей Валерьевич},
    journal = {Вестник Астраханского государственного технического университета},
    number = {1},
    year = {2008},
    pages = {87--92},
    title = {{Классификация угроз в системах управления базами данных}},
    url = {https://cyberleninka.ru/article/n/klassifikatsiya-ugroz-v-sistemah-upravleniya-bazami-dannyh/viewer}
}

@article{Mysev2019,
    author = {Мысев Алексей Эдуардович, Морозов Николай Владимирович},
    journal = {Отечественная юриспруденция},
    number = {3},
    year = {2019},
    pages = {51--55},
    title = {{Правовое регулирование информационной безопасности в Российской Федерации}},
    url = {https://cyberleninka.ru/article/n/pravovoe-regulirovanie-informatsionnoy-bezopasnosti-v-rossiyskoy-federatsii}
}

@book{Smirnov2007,
    author    = {Смирнов},
    title     = {{Безопасность систем баз данных}},
    publisher = {Гелиос АРВ},
    year      = 2007,
    isbn      = {9785854381635},
    url = {https://www.twirpx.com/file/1706071/}
}

@book{ExpertSystems,
    author    = {{Никулин А.Н.}},
    title     = {{Экспертные системы}},
    publisher = {Ульяновск, УлГТУ},
    year      = 2015,
    isbn      = {978-5-9795-1489-5},
    url = {http://venec.ulstu.ru/lib/disk/2016/75.pdf}
}


@online{Lihonosov2011,
    author = {{Лихоносов А. Г.}},
    title = {{Интернет-курс по дисциплине Безопасность баз данных}},
    url = {http://www.e-biblio.ru/book/bib/01_informatika/b_baz_dan/sg.html},
    urldate = {2020-03-01},
    year={2011}
}

@online{Sergeeva,
    author = {{Т.Ю.Сергеева, М.Ю.Сергеев}},
    title = {{Распределенная обработка данных}},
    url = {https://cchgeu.ru/upload/iblock/cf5/metod_roi_ivt_ras_24.06.2016.pdf},
    urldate = {2020-04-20},
    year = {2014}
}

@online{DDBMSIndusEdition,
    author  = {{tutorialspoint}},
    title   = {{Distributed DBMS - Distributed Databases}},
    url     = {https://www.tutorialspoint.com/distributed_dbms/distributed_dbms_databases.htm},
    urldate = {2025-03-15}
}

@online{bmstu,
    author  = {{Бомонка}},
    title   = {{Распределенная обработка данных}},
    url     = {https://ru.bmstu.wiki/%D0%A0%D0%B0%D1%81%D0%BF%D1%80%D0%B5%D0%B4%D0%B5%D0%BB%D0%B5%D0%BD%D0%BD%D0%B0%D1%8F_%D0%BE%D0%B1%D1%80%D0%B0%D0%B1%D0%BE%D1%82%D0%BA%D0%B0_%D0%B4%D0%B0%D0%BD%D0%BD%D1%8B%D1%85},
    urldate = {2020-04-20},
    year    = {2019}
}

@online{dce,
    author  = {{IBM}},
    title   = {{What is DCE?}},
    url     = {https://www.ibm.com/docs/en/cics-ts/5.3?topic=SSGMCP_5.3.0/com.ibm.cics.ts.doc/dfhtm/topics/dfhtm0a.html},
    urldate = {2025-03-15}
}

@online{raft,
    author  = {{Dodo Engineering}},
    title   = {{Как сервера договариваются друг с другом: алгоритм распределённого консенсуса Raft}},
    url     = {https://habr.com/ru/companies/dododev/articles/469999/},
    urldate = {2025-06-07}
}

@online{paxos,
    author  = {{OTUS}},
    title   = {{Кратко про Raft и Paxos: путь к надежным распределенным базам данных}},
    url     = {https://habr.com/ru/companies/otus/articles/793198/},
    urldate = {2025-06-07}
}

@online{Consensus,
    title   = {{Кот Шрёдингера без коробки: проблема консенсуса в распределённых системах}},
    url     = {https://habr.com/ru/companies/dododev/articles/463469/},
    urldate = {2025-05-05}
}

@online{jepsen-main,
  author    = {Kyle Kingsbury},
  title     = {Jepsen Consistency Models},
  url       = {https://jepsen.io/consistency/models},
  urldate   = {2025-06-07},
}

@online{jepsen-strong-serializable,
  author    = {Kyle Kingsbury},
  title     = {Strict Serializable},
  url       = {https://jepsen.io/consistency/models/strong-serializable},
  urldate   = {2025-06-07}, 
}

@online{jepsen-serializable,
  author    = {Kyle Kingsbury},
  title     = {Serializable},
  url       = {https://jepsen.io/consistency/models/serializable},
  urldate   = {2025-06-07}, 
}

@online{jepsen-linearizable,
  author    = {Kyle Kingsbury},
  title     = {Linearizable},
  url       = {https://jepsen.io/consistency/models/linearizable},
  urldate   = {2025-06-07}, 
}

@online{jepsen-sequential,
  author    = {Kyle Kingsbury},
  title     = {Sequential},
  url       = {https://jepsen.io/consistency/models/sequential},
  urldate   = {2025-06-07}, 
}

@online{jepsen-repeatable-read,
  author    = {Kyle Kingsbury},
  title     = {Repeatable Read},
  url       = {https://jepsen.io/consistency/models/repeatable-read},
  urldate   = {2025-06-07}, 
}

@online{jepsen-snapshot-isolation,
  author    = {Kyle Kingsbury},
  title     = {Snapshot Isolation},
  url       = {https://jepsen.io/consistency/models/snapshot-isolation},
  urldate   = {2025-06-07},
}

@online{jepsen-cursor-stability,
  author    = {Kyle Kingsbury},
  title     = {Cursor Stability},
  url       = {https://jepsen.io/consistency/models/cursor-stability},
  urldate   = {2025-06-07},
}

@online{jepsen-monotonic-atomic-view,
  author    = {Kyle Kingsbury},
  title     = {Monotonic Atomic View},
  url       = {https://jepsen.io/consistency/models/monotonic-atomic-view},
  urldate   = {2025-06-07},
}

@online{jepsen-read-committed,
  author    = {Kyle Kingsbury},
  title     = {Read Committed},
  url       = {https://jepsen.io/consistency/models/read-committed},
  urldate   = {2025-06-07},
}

@online{jepsen-read-uncommitted,
  author    = {Kyle Kingsbury},
  title     = {Read Uncommitted},
  url       = {https://jepsen.io/consistency/models/read-uncommitted},
  urldate   = {2025-06-07}, 
}

@online{jepsen-causal,
  author    = {Kyle Kingsbury},
  title     = {Causal},
  url       = {https://jepsen.io/consistency/models/causal},
  urldate   = {2025-06-07},
}

@online{jepsen-pram,
  author    = {Kyle Kingsbury},
  title     = {PRAM},
  url       = {https://jepsen.io/consistency/models/pram},
  urldate   = {2025-06-07},
}

@online{jepsen-writes-follow-reads,
  author    = {Kyle Kingsbury},
  title     = {Writes Follow Reads},
  url       = {https://jepsen.io/consistency/models/writes-follow-reads},
  urldate   = {2025-06-07},
}

@online{jepsen-monotonic-reads,
  author    = {Kyle Kingsbury},
  title     = {Monotonic Reads},
  url       = {https://jepsen.io/consistency/models/monotonic-reads},
  urldate   = {2025-06-07},
}

@online{jepsen-monotonic-writes,
  author    = {Kyle Kingsbury},
  title     = {Monotonic Writes},
  url       = {https://jepsen.io/consistency/models/monotonic-writes},
  urldate   = {2025-06-07},
}

@online{jepsen-read-your-writes,
  author    = {Kyle Kingsbury},
  title     = {Read Your Writes},
  url       = {https://jepsen.io/consistency/models/read-your-writes},
  urldate   = {2025-06-07},
}

@book{WebServices,
    author  = {{G. Alonso, F. Casati, H. Kuno, V. Machiraju}},
    title   = {Web Services. Concepts, Architectures and Applications},
    year    = {2004},
    isbn    = {978-3-662-10876-5}
}

@book{Tanenbaum,
    author  = {Таненбаум Э. and Стеен М.},
    title   = {Распределенные системы. Принципы и парадигмы},
    year    = {2003},
    isbn    = {5-272-00053-65-272-00053-6}
}

@article{Fischer1985,
    author = {M. Fischer and N. Lynch and M. Paterson},
    journal = {Journal of the ACM, vol. 32, no. 2},
    year = {1985},
    title = {Impossibility of Distributed Consensus with One Faulty Process},
    pages = {374--382}
}

@article{Brewer2012,
    author = {E. Brewer},
    journal = {Computer, vol. 45, no. 2},
    year = {2012},
    title = {CAP Twelve Years Later: How the "Rules" Have Changed},
    pages = {23--29}
}

@inproceedings{Castro1999,
    author = {M. Castro and B. Liskov},
    title = {Practical Byzantine Fault Tolerance},
    booktitle = {Proceedings of the 3rd Symposium on Operating Systems Design and Implementation (OSDI'99)},
    year = {1999},
    pages = {173--186}
}

@book{Fix,
    author  = {{С. Л. Бабичев, К. А. Коньков}},
    title   = {Распределенные системы : учебник для вузов},
    year    = {2019},
    isbn    = {978-5-534-11380-8}
}

@online{infosec,
    author = {{В. Ю. Статьев, В.А. Тиньков}},
    title = {{Информационная безопасность распределенных информационных систем}},
    url = {http://emag.iis.ru/arc/infosoc/emag.nsf/BPA/9191949adeb83654c32575be0039f17c},
    urldate = {2020-04-20}
}

@online{TPM,
    title = {{Architecture of an application system that uses a TP monitor}},
    url = {https://web.archive.org/web/20161205210910/http://www.hypergurl.com/blog/databases/architecture-tp-monitor.html},
    urldate = {2025-03-20}
}

@online{PBFT,
    title = {{ResilientDB - PBFT Commit Algorithm}},
    url = {https://blog.resilientdb.com/2021/08/21/PBFT_Commit.html},
    urldate = {2025-03-31}
}

@book{BFT-2PC,
    author  = {{Meng Yu, Peng Liu, Wanyu Zang}},
    title   = {INTRUSION MASKING FOR DISTRIBUTED ATOMIC OPERATIONS},
    url    = {https://link.springer.com/content/pdf/10.1007/978-0-387-35691-4_20.pdf}
}

@online{3PC,
    title = {{Three Phase Commit Protocol}},
    url = {https://www.geeksforgeeks.org/three-phase-commit-protocol/},
    urldate = {2025-03-31}
}

@online{PoS_PoW,
    title = {{Алгоритмы Proof of Work и Proof of Stake}},
    url = {https://fin-plan.org/blog/algoritmy-proof-of-work-pow-i-proof-of-stake-pos},
    urldate = {2025-04-07}
}

@online{PostrgreSQL,
    url = {https://www.postgresql.org/docs/},
    urldate = {2020-05-20}
}

@online{oracle,
    url = {https://www.oracle.com/ru/database/},
    urldate = {2020-05-21}
}

@online{oracleWhatIsDatabase,
    url = {https://www.oracle.com/cis/database/what-is-database/#:~:text=База%20данных%20—%20это%20упорядоченный,для%20краткости%2C%20просто%20базой%20данных},
    urldate = {2024-04-29}
}

@online{casandra,
    url = {https://cassandra.apache.org},
    urldate = {2020-05-22}
}

@book{ComputerSecurity2008,
    author    = {Lawrie Brown, William Stallings},
    title     = {{Computer Security Principles and Practice}},
    publisher = {Pearson},
    year      = 2008,
    isbn      = {9780134794105},}

@article{IDSClassification,
    author = {Stefan Axelsson},
    title  = {Intrusion detection systems: a survey and taxonomy},
    month  = {3},
    year   = {2000},
    journal = {Technical Report 99–15},
    publisher = {Chalmers Univ.},
}

@article{IDSBranitsky,
    author = {А.А. Браницкий, И.В. Котенко},
    journal = {Труды СПИИРАН, выпуск 45},
    year = {2016},
    title = {Анализ и классификация методов обнаружения сетевых атак},
    pages = {207--244},
    url = {http://www.mathnet.ru/links/348a035b6c0c5f4351d9a14db6e991fe/trspy873.pdf}
}

@techreport{IDSFSTEK,
  title       = {ИНФОРМАЦИОННОЕ ПИСЬМО ОБ УТВЕРЖДЕНИИ ТРЕБОВАНИЙ К СИСТЕМАМ ОБНАРУЖЕНИЯ ВТОРЖЕНИЙ},
  institution = {ФЕДЕРАЛЬНАЯ СЛУЖБА ПО ТЕХНИЧЕСКОМУ И ЭКСПОРТНОМУ КОНТРОЛЮ (ФСТЭК РОССИИ)},
  year        = {2012}
}

@online{kasperskyIDS,
    url = {https://encyclopedia.kaspersky.ru/glossary/ids-intrusion-detection-system/},
    urldate = {2024-08-23}
}

@online{kasperskyIPS,
    url = {https://encyclopedia.kaspersky.ru/glossary/ips-intrusion-prevention-system/},
    urldate = {2024-08-23}
}

@article{SIEMSec,
    author = {K.-O. Detken, T. Rix, C. Kleiner},
    journal = {The 8th IEEE International Conference on Intelligent Data Acquisition and Advanced Computing Systems},
    year = {2015},
    title = {SIEM approach for a higher level of IT security in enterprise networks},
    pages = {1--2},
    url = {https://simu-project.de/cms/upload/pdf/SIMU_IDAACS2015_final.pdf}
}

@online{IBMSIEM,
    url = {https://www.ibm.com/topics/siem},
    urldate = {2024-08-25}
}

@online{KasperskyEDR,
    url = {https://encyclopedia.kaspersky.ru/glossary/edr-endpoint-detection-response/},
    urldate = {2024-09-20}
}

@online{PositiveTechnologiesXDR,
    url = {https://www.ptsecurity.com/ru-ru/research/knowledge-base/dlya-chego-kompaniyam-xdr-resheniya/},
    urldate = {2024-09-20}
}

@online{KasperskyXDR,
    url = {https://content.kaspersky-labs.com/se/media/en/business-security/enterprise/XDRvsSIEMvsSOAR_article.pdf},
    urldate = {2024-09-20}
}

@article{SDB1989,
    author = {NABIL R. ADAM, JOHN C. WORTMANN},
    journal = {ACM Computing Surveys, Vol. 21,},
    number = {4},
    year = {1989},
    title = {Security-Control Methods for Statistical Databases: A Comparative Study},
    url = {https://dl.acm.org/doi/pdf/10.1145/76894.76895}
    }

@book{IntroBD2014,
    author    = {{Дейт К. Дж.}},
    title     = {{Введение в системы баз данных [7 издание]}},
    publisher = {Уфимский Государственный Авиационный Технический Университет},
    year      = 2014,
    }

@article{SDB1999,
    author = {KRISHNAMURTY MURALIDHAR, RATHINDRA SARATHY},
    journal = {ACM Transactions on Database Systems, Vol. 24},
    number = {4},
    year = {1999},
    title = {Security of Random Data Perturbation Methods},
    url = {https://www.researchgate.net/publication/220225494_Security_of_Random_Data_Perturbation_Methods}
    }

@article{LatticeModel,
    author = {Gultekin Ozsoyoglu, JiYong Chung},
    journal = {1986 IEEE Second International Conference on Data Engineering},
    year = {1986},
    title = {Information loss in the lattice model of summary tables due to cell suppression},
    url = {https://ieeexplore.ieee.org/document/7266208}
    }

@article{Utebov2008,
    author = {Утебов Д. Р., Белов С. В.},
    journal = {Вестник Астраханского государственного технического университета},
    number = {1},
    year = {2008},
    pages = {87--92},
    title = {{Классификация угроз в системах управления базами данных}},
    url = {https://cyberleninka.ru/article/n/klassifikatsiya-ugroz-v-sistemah-upravleniya-bazami-dannyh}
}

@book{Pirogov2009,
    author    = {Пирогов},
    title     = {{Информационные системы и базы данных: организация и проектирование}},
    publisher = {БХВ-Петербург},
    year      = 2009,
    isbn      = {978-5-9775-0399-0},
    url = {https://litmy.ru/knigi/os_bd/107950-informacionnye-sistemy-i-bazy-dannyh-organizaciya-i-proektirovanie.html}
}
@book{Karpova2009,
    author    = {Карпова},
    title     = {{Базы данных. Учебное пособие}},
    publisher = {Питер},
    year      = 2009,
    isbn      = {978-5-94157-770-5},
    url = {https://rucont.ru/file.ashx?guid=a46c217d-4dbd-496b-a229-2ac562197d70}
}
@book{Kirillov2009,
    author    = {Кирилов},
    title     = {{Введение в реляционные базы данных}},
    publisher = {БХВ-Петербург},
    year      = 2009,
    isbn      = {978-5-496-00546-3},
    url = {https://mipt.ru/dnbic/content/db.pdf}
}
@book{Date2005,
    author    = {Дейт},
    title     = {{Введение в системы баз данных}},
    publisher = {Вильямс},
    year      = 2005,
    isbn      = {5-8459-0788-8},
    url = {http://tc.kpi.ua/content/lib/vvedenie_v_sistemy_baz_dannyh_8izdanie.pdf}
}
@online{SqlOracle,
    author = {Sql-oracle},
    title = {{Представления словаря данных}},
    url = {http://sql-oracle.ru/predstavleniya-slovarya-dannyx.html},
    urldate = {2020-05-30},
    year={2014}
}
@online{Serial,
    author = {{Citforum}},
    title = {{Транзакции и целостность баз данных}},
    url = {http://citforum.ru/database/dblearn/dblearn09.shtml},
    urldate = {2020-05-30},
    year={2020}
}
@online{Intuit,
    author = {{Intuit}},
    title = {{Лекция 11: Модели транзакций}},
    url = {https://www.intuit.ru/studies/professional_retraining/953/courses/297/lecture/7419?page=4},
    urldate = {2020-05-30},
    year={2020}
}
@online{IntuitTrigg,
    author = {{Intuit}},
    title = {{Лекция 14: Триггеры: создание и применение}},
    url = {https://www.intuit.ru/studies/courses/5/5/lecture/148},
    urldate = {2020-05-30},
    year={2020}
}
@online{Wiki,
    author = {{Wikipedia}},
    title = {{Двухфазная блокировка}},
    url = {https://ru.wikipedia.org/wiki/Двухфазная_блокировка},
    urldate = {2020-05-30},
    year={2020}
}
@online{WikiLink,
    author = {{Wikipedia}},
    title = {{Ссылочная целостность}},
    url = {https://ru.wikipedia.org/wiki/Ссылочная_целостность},
    urldate = {2020-05-30},
    year={2020}
}
@online{TransCit,
    author = {{Citforum}},
    title = {{Двухфазная блокировка}},
    url = {https://ru.wikipedia.org/wiki/Двухфазная_блокировка},
    urldate = {2020-05-30},
    year={2020}
}
@online{OSP,
    author = {{Jet Infosystems}},
    title = {{Системы управления базами данных - коротко о главном}},
    url = {https://www.osp.ru/news/articles/1995/0402/13031414#part_4},
    urldate = {2020-05-30},
    year={1995}
}

@book{GOST50922,
    author    = {Федеральное агенство по техническому регулированию и метрологии},
    title     = {{ГОСТ Р 50922—2006. Защита информации. Основные термины и определения.}},
    publisher = {Стандартинформ},
    year      = 2008,
    url       = {https://files.stroyinf.ru/Data2/1/4293836/4293836037.pdf}
}

@book{OrangeBook,
	author  = {Department Of Defense},
	title   = {Trusted Computer System Evaulation Criteria},
	year    = {1983},
	url 	= {https://irp.fas.org/nsa/rainbow/std001.htm}
}

@online{OrangeBookTranslation,
    title   = {Информационная безопасность --- обзор основных положений. Часть 1},
    url     = {https://www.jetinfo.ru/informaczionnaya-bezopasnost-obzor-osnovnyh-polozhenij-chast-1/}
}

@book{PurpleBook,
	author  = {The  National  Computer  Security  Center},
	title   = {Trusted Database Management System Interpretation},
	year    = {1991},
	url 	= {https://irp.fas.org/nsa/rainbow/tg021.htm}
}

@article{CombinedSecurityPolicies,
	title 	= {Совмещение политик безопасности, основанное на алгоритмах поддержки принятий решений},
	author 	= {С.В. Белим, Н.Ф. Богаченко, Ю.С. Ракицкий},
	journal = {Информационно-управляющие системы},
	number 	= {5},
	year 	= {2016},
	pages 	= {66 -- 72},
	url 	= {https://cyberleninka.ru/article/n/sovmeschenie-politik-bezopasnosti-osnovannoe-na-algoritmah-podderzhki-prinyatiya-resheniy/viewer}
}

@book{CISSP,
    author 		= {Harris Shon},
	title 		= {CISSP All-in-One Exam Guide},
	year 		= {2012},
	publisher	= {McGraw-Hill Osborne Media},
	isbn 		= {0071781749},
}

@article{BellLaPadulaModel,
    author  = {D. Elliott Bell, Leonard J. LaPadula},
    journal = {MITRE Technical Report 2547},
    number  = {1},
    year    = {1973},
    title   = {Secure Computer Systems: Mathematical Foundations},
    url     = {https://web.archive.org/web/20060618092351/http://www.albany.edu/acc/courses/ia/classics/belllapadula1.pdf}
}

@online{FSTECCertificationSystem,
	title 	= {Приказ ФСТЭК России от 3 апреля 2018 г. № 55 Об утверждении положения о системе сертификации средств защиты информации},
	author 	= {ФСТЭК России},
	url 	= {https://fstec.ru/dokumenty/vse-dokumenty/prikazy/prikaz-fstek-rossii-ot-3-aprelya-2018-g-n-55},
	year 	= {2018}
}

@online{GTKTemporaryRegulation,
	title 	= {Руководящий документ ГТК России от 30 марта 1992 г. Временное положение по организации разработки, изготовления
                и эксплуатации программных и технических средств защиты информации от несанкционированного доступа в автоматизированных системах
                и средствах вычислительной техники},
	author 	= {ГТК России},
	url 	= {https://meganorm.ru/Index2/1/4293791/4293791148.htm},
	year 	= {1992}
}

@misc{FSTECContacts,
    title   = {Контакты ФСТЭК России},
    url     = {https://fstec.ru/kontakty}
}

@online{GTK_1992,
	title 	= {Руководящий документ ГТК России от 30 марта 1992 г. Средства вычислительной техники. Защита от несанкционированного доступа к информации. Показатели 
                защищенности от несанкционированного доступа к информации},
	author 	= {ГТК России},
	url 	= {https://fstec.ru/dokumenty/vse-dokumenty/spetsialnye-normativnye-dokumenty/rukovodyashchij-dokument-ot-30-marta-1992-g-2},
	year 	= {1992}
}

@book{Zegzhda,
    author    = {Зегжда Д.П., Ивашко А.M.},
    title     = {{Основы безопасности информационных систем}},
    publisher = {Горячая линия - Телеком},
    year      = 2000,
    isbn      = {5-93517-018-3},
    url = {https://www.studmed.ru/zegzhda-d-p-osnovy-bezopasnosti-informacionnyh-sistem_dcc012e982a.html}
}

@online{URFULecture10Models,
    author = {{Уральский федеральный университет}},
    title = {{Лекция 10. Политика и модели безопасности}},
    url = {https://learn.urfu.ru/resource/index/data/resource_id/40980/revision_id/0},
    urldate = {2021-04-07},
}

@online{CitForumSafeDB,
    author = {{Лилия Козленко}},
    title = {{Информационная безопасность в современных системах управления базами данных}},
    url = {http://citforum.ru/security/articles/safe_db/},
    urldate = {2021-04-09},
}

@book{Skakun,
    title     = {{Защита информации в базах данных и экспертных системах}},
    author    = {{Скакун В.В.}},
    publisher = {БГУ},
    year      = {2017},
    url = {https://elib.bsu.by/bitstream/123456789/48524/5/%D0%97%D0%B0%D1%89%D0%B8%D1%82%D0%B0%20%D0%B8%D0%BD%D1%84%D0%BE%D1%80%D0%BC%D0%B0%D1%86%D0%B8%D0%B8%20%D0%B2%20%D0%91%D0%94.pdf},
    urldate = {2024-05-13}
}

@online{WikiHRU,
    title = {{Модель Харрисона-Руззо-Ульмана — Википедия}},
    url = {https://ru.wikipedia.org/wiki/%D0%9C%D0%BE%D0%B4%D0%B5%D0%BB%D1%8C_%D0%A5%D0%B0%D1%80%D1%80%D0%B8%D1%81%D0%BE%D0%BD%D0%B0-%D0%A0%D1%83%D0%B7%D0%B7%D0%BE-%D0%A3%D0%BB%D1%8C%D0%BC%D0%B0%D0%BD%D0%B0},
    urldate = {2021-04-09},
    year={2021}
}

@online{WikiTakeGrant,
    title = {{Модель Take-Grant — Википедия}},
    url = {https://ru.wikipedia.org/wiki/%D0%9C%D0%BE%D0%B4%D0%B5%D0%BB%D1%8C_Take-Grant},
    urldate = {2021-04-10},
    year={2021}
}

@online{Jalili,
    title = {{Database Security, 2nd Semester, CE, SUT}},
    author = {Jalili},
    url = {http://ce.sharif.ac.ir/courses/84-85/2/ce925/resources/root/Course%20Materials/3_Acten_Wood_Slides.pdf},
    urldate = {2021-04-12},
    year={2021}
}

@online{SecModels,
    title = {{Security models}},
    url = {https://slideplayer.com/slide/4007727/},
    urldate = {2021-04-12},
    year={2021}
}

@online{Biba,
    title = {{Модель Биба - Biba Model}},
    url = {https://ru.qaz.wiki/wiki/Biba_Model},
    urldate = {2021-04-12},
    year={2021}
}

@book{Osama,
    author    = {Osama S. Faragallah},
    title     = {{Multilevel Security for Relational Databases}},
    publisher = {CRC Press},
    year      = 2015,
    url = {http://www.ittoday.info/Excerpts/Multilevel_Database_Security.pdf}
}

@online{LBAC,
    title = {{Lattice-based access control - Wikipedia}},
    url = {https://en.wikipedia.org/wiki/Lattice-based_access_control},
    urldate = {2021-04-13},
    year={2021}
}

@online{Jalili2,
    title = {{Rasool Jalili; 2nd semester 1384-1385; Database Security, Sharif Uni. of Tech.}},
    author = {Jalili},
    url = {http://ce.sharif.ir/courses/84-85/2/ce925/resources/root/Course%20Materials/5_Access_Models_Dion_SeaView.pdf},
    urldate = {2021-04-14},
    year={2021}
}

@book{Patterson,
    author    = {David A. Patterson, Garth Gibson, Randy H. Katz},
    title     = {{A Case of Redundant Arrays of Inexpensive Disks}},
    publisher = {Department of Electrical Engineering and Computer Sciences, University of California},
    year      = {1988},
    url = {https://www2.eecs.berkeley.edu/Pubs/TechRpts/1987/CSD-87-391.pdf}
}

@online{WikiHA,
    title = {{High availability}},
    url = {https://en.wikipedia.org/wiki/High_availability},
    urldate = {2022-06-10},
    year={2022}
}

@online{Gregorchenko,
    title = {{Репликация данных}},
    url = {https://highload.today/replikatsiya-dannykh/},
    urldate = {2022-06-12},
    year={2022}
}

@online{PostrgreSQL1,
    title = {{Как настроить репликацию в PostgreSQL}},
    url = {https://selectel.ru/blog/tutorials/how-to-set-up-replication-in-postgresql/},
    urldate = {2022-06-12},
    year={2022}
}

@online{Prometheus-vs-Zabbix,
    title = {{Prometheus vs Zabbix}},
    url = {https://www.metricfire.com/blog/prometheus-vs-zabbix/},
    urldate = {2022-06-12},
    year={2022}
}

@article{Baron,
    author = {Барон Г.Г.},
    journal = {Системы управления базами данных},
    number = {2},
    year = {1995},
    title = {Параллельные архитектуры серверов баз данных},
    url = {https://www.osp.ru/dbms/1995/02/13031421#part_4}
}

@book{Aristov,
    author    = {{Аристов Е.Н.}},
    title     = {{PostgreSQL 13. Тюнинг, Kubernetes, облака.}},
    publisher = {ООО "Сам Полиграфист"},
    year      = 2021,
}

@online{Klyukin,
    title = {{Управление высокодоступными PostgreSQL кластерами с помощью Patroni}},
    author = {А.Клюкин, А.Кукушкин},
    url = {https://habr.com/ru/post/504044/},
    urldate = {2022-06-12},
    year={2022}
}

@online{Greenplum,
    title = {{Greenplum DB}},
    author = {kapustor},
    url = {https://habr.com/ru/companies/tbank/articles/267733/},
    urldate = {2015-10-13},
    year={2015}
}

@online{DatabaseSharding,
    title = {{Database Sharding – System Design Interview Concept}},
    author = {anuupadhyay},
    url = {https://www.geeksforgeeks.org/database-sharding-a-system-design-concept/},
    urldate = {2021-09-02},
    year={2021}
}

@online{Replication,
    title = {{Путеводитель по репликации баз данных}},
    author = {hard\_sign},
    url = {https://habr.com/ru/post/514500/},
    urldate = {2020-08-10},
    year={2020}
}

@online{DataDictionary,
    author = {Wesley Chai},
    title = {data dictionary},
    url = {https://www.techtarget.com/searchapparchitecture/definition/data-dictionary},
    urldate = {2021-03-19}
}

@online{MongoDocsCommands,
    author = {MongoDB, Inc.},
    title = {data dictionary},
    url = {https://docs.mongodb.com/manual/reference/command/},
    urldate = {2021-03-19}
}

@online{BeginningSQL,
    author = {Paul Wilton, John Colby},
    title = {Beginning SQL},
    url = {https://books.google.com/books?id=9eqbXSnji84C},
    urldate = {2021-03-19}
}

@online{TransactionalInformationSystems,
    author = {Gerhard Weikum, Gottfried Vossen},
    title = {Transactional Information Systems: Theory, Algorithms, and the Practice of Concurrency Control and Recovery},
    url = {https://db.in.tum.de/teaching/ss20/transactions/pdf/chapter4.pdf},
    urldate = {2021-04-16}
}

@online{DockerSecurity,
    title = {Docker security},
    url = {https://docs.docker.com/engine/security/},
    urldate = {2022-04-20}
}

@online{DockerSwarmPKI,
    title = {Manage swarm security with public key infrastructure (PKI)},
    url = {https://docs.docker.com/engine/swarm/how-swarm-mode-works/pki/},
    urldate = {2022-04-20}
}

@online{DockerSwarmSecrets,
    title = {Manage sensitive data with Docker secrets},
    url = {https://docs.docker.com/engine/swarm/secrets/},
    urldate = {2022-04-20}
}

@online{DockerSwarmConcepts,
    title = {Swarm mode key concepts},
    url = {https://docs.docker.com/engine/swarm/key-concepts/},
    urldate = {2022-04-20}
}

@online{KuberComponents,
    title = {Kubernetes Components},
    url = {https://kubernetes.io/docs/concepts/overview/components/},
    urldate = {2022-04-20}
}

@online{SeaView,
    title = {SeaView},
    url = {https://ieeexplore.ieee.org/stamp/stamp.jsp?arnumber=55088}
}

@online{IDSystem,
    title = {Системы и методы обнаружения вторжений},
    url = {http://citforum.ru/security/internet/ids_overview/}
}

@book{BeynonDavies,
    author    = {{P. Beynon-Davies}},
    title     = {{Expert database systems}},
    publisher = {McGraw-Hill},
    year      = 1991,
}

@book{IntrusionDetection,
    author    = {{T.D. Garvey, T.F. Lunt}},
    title     = {{Model-based Intrusion Detection}},
    publisher = {Baltimore, MD},
    year      = 1991,
}

@online{proglib,
    title = {SQL injections},
    url = {https://proglib.io/p/vzlamyvaem-sayty-shpargalka-po-sql-inekciyam-2019-12-21},
    urldate = {2022-06-14}
}

@article{SqlInjection,
    author = {Mohd Amin Bin Mohd Yunus},
    journal = {International journal on informatics visualization},
    year = {2018},
    title = {Review of SQL Injection : Problems and Prevention},
    url = {https://www.researchgate.net/publication/325940419_Review_of_SQL_Injection_Problems_and_Prevention}
}

@techreport{ClientServerArchitecture,
    TITLE = "{Различные архитектурные решения, используемые при реализации многопользовательских СУБД. Краткий обзор СУБД}",
    HOWPUBLISHED = {НОУ ИНТУИТ},
    PAGES = {1-3},
    YEAR = {2012},
    URL={https://intuit.ru/studies/courses/508/364/lecture/8643?page}
}

@techreport{OAuthRoles,
    AUTHOR = "D. Hardt, Ed.",
    TITLE = "{The OAuth 2.0 Authorization Framework}",
    HOWPUBLISHED = {Internet Engineering Task Force (IETF)},
    TYPE="{RFC}",
    PAGES = {5},
    YEAR = {2012},
    MONTH = {10},
    ISSN = {2070-1721},
    URL={https://datatracker.ietf.org/doc/html/rfc6749#section-1.1}
}

@techreport{OAuthToken,
    AUTHOR = "D. Hardt, Ed.",
    TITLE = "{The OAuth 2.0 Authorization Framework}",
    HOWPUBLISHED = {Internet Engineering Task Force (IETF)},
    TYPE="{RFC}",
    PAGES = {9-11},
    YEAR = {2012},
    MONTH = {10},
    ISSN = {2070-1721},
    URL={https://datatracker.ietf.org/doc/html/rfc6749#section-1.1}
}

@techreport{OAuth2.0,
    AUTHOR = "D. Hardt, Ed.",
    TITLE = "{The OAuth 2.0 Authorization Framework}",
    HOWPUBLISHED = {Internet Engineering Task Force (IETF)},
    TYPE="{RFC}",
    PAGES = {1-75},
    YEAR = {2012},
    MONTH = {10},
    ISSN = {2070-1721},
    URL={https://datatracker.ietf.org/doc/html/rfc6749#section-1.1}
}

@techreport{OpenIDConnect,
    AUTHOR = "N. Sakimura",
    TITLE = "{OpenID Connect Standard 1.0}",
    TYPE="{RFC}",
    PAGES = {1-54},
    YEAR = {2013},
    MONTH = {7},
    ISSN = {2070-1721},
    URL={https://openid.net/specs/openid-connect-standard-1_0-21.html#rfc.authors}
}

@techreport{IDToken,
    AUTHOR = "D. Hardt, Ed.",
    TITLE = "{OpenID Connect Standard 1.0}",
    TYPE="{RFC}",
    PAGES = {7-8},
    YEAR = {2013},
    MONTH = {7},
    ISSN = {2070-1721},
    URL={https://openid.net/specs/openid-connect-standard-1_0-21.html#rfc.authors}
}

@online{DockerSecurityTrust,
    title = {Content trust in Docker},
    url = {https://docs.docker.com/engine/security/trust/},
    urldate = {2022-04-20}
}

@online{DockerSecurityCertificates,
    title = {Verify repository client with certificates},
    url = {https://docs.docker.com/engine/security/certificates/},
    urldate = {2022-04-20}
}

@online{IntrusionDetectionSystemsMsu,
    title = {Лекции по системному администрированию МГУ им. Ломоносова, Лекция 4 Intrusion Detection Systems},
    url = {https://intuit.ru/studies/professional_retraining/943/courses/20/lecture/631},
    urldate = {2022-06-19}
}

@book{NetSecChristos,
    author    = {{Christos Douligeris, Dimitrios N. Serpanos}},
    title     = {{Network Security: Current Status and Future Directions}},
    publisher = {John Wiley and Sons},
    year      = 2007,
}

@incollection{brankovic2007statistical,
    title={Statistical database security},
    author={Brankovic, Ljiljana and Giggins, Helen},
    booktitle={Security, Privacy, and Trust in Modern Data Management},
    pages={167--181},
    year={2007},
    publisher={Springer}
}

@book{DatabaseSecurity,
	title     = {DatabaseSecurity},
	author    = {Basta and Zgola},
	publisher = {Cengage Learning},
	year      = {2011},
	url = {https://thelib.net/2198339-database-security.html},
	urldate = {2025-03-16}
}

@online{InfoSecDBMS,
	title   = {Информационная безопасность систем управления базами данных},
	author  = {Н.И. Вьюкова, В.А. Галатенко},
	url     = {https://www.osp.ru/news/articles/1996/0131/13031467},
	urldate = {2024-06-12},
	year    = {1996}
}

@online{DataProtectionMaterials,
    title = {{Прокачаться в 2023 — подборка материалов по киберугрозам и защите данных}},
    author = {{randall}},
    url = {https://habr.com/ru/companies/cloud_mts/articles/710986/},
    urldate = {2024-04-26},
    year={2023}
}

@online{CCRFPart4,
    title = {{Гражданский кодекс Российской Федерации (часть четвертая) от 18.12.2006 N 230-ФЗ (ред. от 30.01.2024)}},
    url = {https://www.consultant.ru/cons/cgi/online.cgi?req=doc&base=LAW&n=468390&cacheid=D6E5187FB4B223B671BA9DBF3CFB6481&mode=splus&rnd=PzoSNCUeeaeMXDe71#RS1TNCUEfyB4FXPg},
    urldate = {2024-05-05}
}

@online{LAPA,
    title = {{Основные аспекты безопасности СУБД: что следует знать}},
    author = {{Лапа}},
    year = {2016},
    url = {https://tproger.ru/articles/db-security-basics/},
    urldate = {2024-05-05}
}

@online{CONS149FZ,
    title = {{ФЗ <<Об информации, информационных технологиях и о защите информации>>}},
    url = {http://www.consultant.ru/document/cons_doc_LAW_61798/0e9ec16b786dcbdaaa7f44abfc4a15e601d5be22/#dst100144},
    urldate = {2024-05-12},
    year = {2023}
}

@online{CONSUP351,
    title = {{Указ президента <<О мерах по обеспечению информационной безопасности Российской Федерации при использовании информационно-телекоммуникационных сетей международного информационного обмена>>}},
    url = {http://www.consultant.ru/document/cons_doc_LAW_75586/#dst0},
    urldate = {2024-05-12},
    year = {2015}
}

@online{FSTEKOBKIS,
    title = {{Приказ ФСТЭК России от 25 декабря 2017 г. N 239. Требования по обеспечению безопасности значимых объектов критической информационной инфраструктуры Российской Федерации}},
    url = {https://fstec.ru/dokumenty/vse-dokumenty/prikazy/prikaz-fstek-rossii-ot-25-dekabrya-2017-g-n-239},
    urldate = {2024-05-12},
    year = {2017}
}

@online{BSEU,
    title = {{Лекция на тему: администрирование баз данных}},
    url = {http://www.bseu.by/it/tohod/lekcii9_2.htm},
    urldate = {2024-05-12}
}

@online{Elin,
    title = {{Сравнительный анализ правового обеспечения информационной безопасности в России и за рубежом. Монография}},
    author = {{Елин В.М.}},
    url = {https://publications.hse.ru/mirror/pubs/share/folder/ie7oj6cz00/direct/202314863},
    urldate = {2024-05-13},
    year = {2016}
}

@online{4studClntSrv,
	title = {{Компоненты сетевого приложения. Клиент-серверное взаимодействие и роли серверов.}},
	url = {http://www.4stud.info/networking/lecture5.html},
	urldate = {2025-03-15}
}

@article{DistrDBThreats,
	author = {Статьев В.Ю},
	journal = {Современные методы обеспечения информационной безопасности},
	number = {1},
	year = {1997},
	title = {Информационная безопасность распределенных информационных систем}
}

@online{AnsiSqlTrans,
	title = {{Поддержание механизма транзакций. Проблемы параллелизма транзакций}},
	url = {https://edu.kstu.kz/pluginfile.php/44201/mod_resource/content/1/8.htm},
	urldate = {2024-06-12}
}

@online{TransactionMonitors,
	title = {{Системы управления базами данных — коротко о главном}},
	url = {https://www.jetinfo.ru/sistemy-upravleniya-bazami-dannyh-korotko-o-glavnom-chast-3/},
	urldate = {2025-03-20}
}

@online{FixProtocols,
	title = {{Распределенная СУБД — протоколы коммитов}},
	url = {https://coderlessons.com/tutorials/akademicheskii/izuchite-raspredelennuiu-subd/raspredelennaia-subd-protokoly-kommitov},
	urldate = {2025-03-21}
}

@online{SecureFix,
	title = {{Вопросы разграничения доступа к данным в СУБД}},
	url = {https://koapp.narod.ru/tehlit/base/bd/dbms.htm},
	urldate = {2025-04-07}
}

@article{PhysLogPeplic,
	author = {Тесленко Денис Максимович},
	journal = {Specialized and multidisciplinary scientific researches},
	number = {122},
	year = {2020},
	title = {ФИЗИЧЕСКИЙ И ЛОГИЧЕСКИЙ ПОДХОДЫ К РЕПЛИКАЦИИ ДАННЫХ}
}

@online{DBaaS,
	title = {{Definition database as a service (DBaaS) }},
	url = {https://www.techtarget.com/searchdatamanagement/definition/database-as-a-service-DBaaS},
	urldate = {2024-06-12}
}

@online{GTK187,
	title 	= {Приказ ГТК России от 19 июня 2002 г. № 187. Безопасность информационных технологий. Критерии оценки безопасности информационных технологий},
	author 	= {ГТК России},
	url 	= {https://fstec.ru/dokumenty/vse-dokumenty/spetsialnye-normativnye-dokumenty/rukovodyashchij-dokument-ot-19-iyunya-2002-g-n-187},
	year 	=  {2002}
}

@online{o-salo,
    url = {https://web.archive.org/web/20200128173824/http://www.o-salo.narod.ru/page4.htm#_Toc287060195},
    urldate = {2024-06-13},
    year = {2011}
}

@online{univermvd-eios,
    title = {{Электронная информационно-образовательная среда Санкт-Петербургского университета МВД России}},
    url = {https://univermvd.ru/eios/},
    urldate = {2024-06-13},
    year = {2024}
}

@online{system-hack,
    title = {{Лекция 8: Организация защиты информации в информационных технологиях}},
    author = {{Алексей Денисов, Ирина Коноплева, Ольга Хохлова}},
    url = {https://intuit.ru/studies/courses/3609/851/lecture/31660},
    urldate = {2024-06-13},
    year = {2012}
}

@online{leaks,
    title = {{Утечки информации}},
    url = {https://www.anti-malware.ru/threats/leaks},
    urldate = {2024-06-13}
}

@book{os-protection,
    title = {{Защита в операционных системах}},
    author = {{В. Г. Проскурин}},
    publisher = {М.: Горячая линия Телеком},
    url = {https://tocit.ru/static/files/cd4fc73d3931e001a4118a7d12aa3c494153e91cbb336c83ea666160c90ca544.pdf},
    urldate = {2024-06-13},
    year = {2014}
}

@book{crypto-methods,
    title = {{Криптографические методы защиты информации. Учебное пособие.}},
    author = {{Владимиров С. М., Габидулин Э. М., Колыбельников А. И., Кшевецкий А. С.}},
    publisher = {{М.: МФТИ}},
    url = {https://github.com/vlsergey/infosec/releases},
    ISBN = {{978-5-7417-0615-2}},
    year = 2016
}

@online{privacy-oracle,
    title = {{ISO27000, Обеспечение защиты персональных данных в СУБД Oracle}},
    url = {http://www.iso27000.ru/chitalnyi-zai/zaschita-personalnyh-dannyh/obespechenie-zaschitypersonalnyh-dannyh-v-subd-oracle},
    urldate = {2019}
}

@article{data-replication,
    title = {{Achieving Database Security Through Data Replication: The Sintra Prototype}},
    author = {{Myong H. Kang, J. Froscher, J. McDermott, O. Costich, Rodney Peyton}},
    url = {https://semanticscholar.org/paper/Achieving-Database-Security-Through-Data-The-Sintra-Kang-Froscher/606591924dfdda7ac91300ab9ca9aa7070bc5a5c?p2df},
    urldate = {2024-06-13},
    year = 1994
}

@article{dbms-security,
    title = {{Информационная безопасность систем управления базами данных}},
    author = {{Н.И. Вьюкова, В.А. Галатенко}},
    url = {https://www.osp.ru/news/articles/1996/0131/13031467},
    urldate = {2024-06-13},
    year = 1996
}

@online{pgAudit-github,
    title = {{README pgAudit на GitHub}},
    url = {https://github.com/pgaudit/pgaudit/blob/main/README.md},
    urldate = {2025-05-27}
}

@article{zkd,
    title = {{Zero knowledge databases}},
    author = {{thiloplanz}},
    url = {https://gist.github.com/thiloplanz/e1136a04b26c138c8225},
    urldate = {2024-05-14},
    year = {2023}
}

@article{availability-ApplicationContinuity,
    title = {{Application continuity (Oracle)}},
    url = {https://docs.oracle.com/en/database/oracle/oracle-database/19/haovw/configuring-continuous-availability-applicationsconfiguring-continuous-availability-applicati.html#GUID-5EBF37EA-48AB-4508-A14E-86A2583A24BF},
    urldate = {2024-06-14},
}

@article{availability-postgres,
    title = {{PostgreSQL HA configuration parameters}},
    url = {https://www.postgresql.org/docs/current/wal-configuration.html},
    urldate = {2024-06-14},
}

@article{availability-oracle,
    title = {{Oracle HA configuration parameters}},
    url = {https://docs.oracle.com/en/database/oracle/oracle-database/19/adfns/flashback.html#GUID-CAC23AAE-AD5A-47FA-B446-B4DE00B2B876},
    urldate = {2024-06-14},
}

@article{availability-mysql,
    title = {{MySQL HA configuration parameters}},
    url = {https://dev.mysql.com/doc/refman/8.4/en/replication-configuration.html},
    urldate = {2024-06-14},
}

@article{selinux-apparmor,
    title = {{Compare two Linux security modules: SELinux vs. AppArmor}},
    autho = {{Jack Wallen}},
    url = {https://www.techtarget.com/searchdatacenter/tip/Compare-two-Linux-security-modules-SELinux-vs-AppArmor},
    urldate = {2024-06-09},
    year = {2023}
}

@book{GOST50939,
	author    = {Федеральное агенство по техническому регулированию и метрологии},
	title     = {{ГОСТ Р 56939-2016. Защита информации. Разработка безопасного программного обеспечения.}},
	year      = 2016,
	url       = {https://meganorm.ru/Data/626/62688.pdf}
}

@article{Vorobyova,
	author = {Воробьева Диана Евгеньевна},
	journal = {I-methods},
	number = {4},
	year = {2023},
	title = {{Формализация модели мониторинга защищенности работы СУБД SQL}},
	url = {https://cyberleninka.ru/article/n/formalizatsiya-modeli-monitoringa-zaschischennosti-raboty-subd-sql}
}


@article{Glukharev,
	author = {М. Л. Глухарёв},
	journal = {Известия ПГУПС},
	year = {2008},
	title = {{РАЗРАБОТКА ПОКАЗАТЕЛЕЙ И МЕТОДОВ ОЦЕНИВАНИЯ КОРРЕКТНОСТИ РЕЛЯЦИОННЫХ БАЗ ДАННЫХ}},
	url = {https://cyberleninka.ru/article/n/razrabotka-pokazateley-i-metodov-otsenivaniya-korrektnosti-relyatsionnyh-baz-dannyh}
}

@article{Rjaibi,
	author = {Walid Rjaibi},
	journal = {Conference: Proceedings of the 2004 conference of the Centre for Advanced Studies on Collaborative research},
	number = {4},
	year = {2004},
	title = {{An introduction to multilevel secure relational database management systems}},
	url = {https://www.researchgate.net/publication/221500703_An_introduction_to_multilevel_secure_relational_database_management_systems}
}

@inproceedings{shveikin,
	title={Политика безопасности в базах данных},
	author={Швейкин, Владислав Витальевич},
	booktitle={Научные исследования и разработки студентов},
	pages={207--209},
	year={2017}
}

@article{nurzhanov,
	title={Анализ политики безопасности в вычислительных сетях},
	author={Нуржауов, Рустем Нуржауович},
	journal={International scientific review},
	number={LXX},
	pages={12--14},
	year={2020},
	publisher={ООО {\guillemotleft}Олимп{\guillemotright}}
}

@article{oscerko,
  title={Технологии баз данных и знаний: учеб. пособие с грифом Министерства образования РБ},
  author={Оскерко, ВС and Пунчик, ЗВ},
  journal={Минск: БГЭУ},
  year={2015}
}

@inproceedings{koch,
  title={ФИЗИЧЕСКОЕ ПРОЕКТИРОВАНИЕ БАЗЫ ДАННЫХ},
  author={Кох Ю.А.},
  url = {https://scienceforum.ru/2017/article/2017030333},
  booktitle={ Материалы IX Международной студенческой научной конференции «Студенческий научный форум»}
}

@online{oracle_OLTP,
	title = {{Что такое OLTP?}},
	url = {https://www.oracle.com/cis/database/what-is-oltp/},
	urldate = {2024}
}

@article{OLAP_OLTP,
	title={Сравнительный анализ OLAP и OLTP--систем},
	author={Сёмина, АВ},
	year={2022},
	publisher={БНТУ}
}

@online{nist80012,
	title={NIST Special Publication 800-12},
	url={https://nvlpubs.nist.gov/nistpubs/SpecialPublications/NIST.SP.800-12r1.pdf}
}

@online{flenovinfo,
	title={Обеспечение целостности данных},
	url={https://www.flenov.info/books/read/transact-sql/14}
}

@online{DBtest,
	title={Тестирование баз данных},
	author={Jason Boog},
	url={https://habr.com/ru/companies/otus/articles/804851/},
	note={Дополнительная ссылка: \url{https://thectoclub.com/data-engineering-testing/ultimate-guide-database-testing/}}
}

@online{worksol1,
	title={Как транзакции помогают обеспечить целостность баз данных},
	url={https://worksolutions.ru/blog/kak-tranzakczii-pomogayut-obespechit-czelostnost-baz-dannyh/}
}

@online{postgredoc1,
	title={Transaction Isolation},
	url={https://www.postgresql.org/docs/current/transaction-iso.html}
}

@online{WALintro,
	title={Журнал предзаписи (WAL)},
	url={https://postgrespro.ru/docs/postgrespro/9.5/wal-intro}
}

@online{PITRintro,
	title={Point in Time Recovery (PITR)},
	url={https://linx.ru/linxcs-docs/dbs/dbaas/backup/point-in-time-recovery}
}

@online{tolerance1,
	title={Отказоустойчивость IT-систем},
	url={https://www.datahata.by/info/articles/otkazoustojchivost-it-sistem.html}
}

@online{tolerance2,
	title={Как обезопасить базу данных},
	url={https://www.entrust.com/ru/resources/learn/how-to-secure-databases}
}

@online{Metadatahabr,
    title={Мета-данные. На пути к идеалам управления моделями данных.},
    url={https://habr.com/ru/articles/90528/}
}

@online{IntuitLec14,
    title={Базы данных: модели, разработка, реализация. Лекция 14: Обобщенная архитектура СУБД},
    author={Карпова Т. С.},
    url={https://intuit.ru/studies/courses/1001/297/lecture/7425},
    note={Ссылка на книгу целиком : \url{https://intuit.ru/goods_store/ebooks/8415}}
}

@online{KuznetcovSD,
    title={Основы современных баз данных - Информационно-аналитические материалы ЦИТ},
    author={Кузнецов С. Д.},
    url={https://alexnest.ucoz.ru/_ld/0/37_eoz.pdf}
}

@online{DictHist,
    title={История языков программирования: SQL- стандартизация длиною в жизнь},
    url={https://habr.com/ru/articles/311288/}
}

@online{PostgreSQLdocc51,
    title={PostgreSQL Documentation. Chapter 51. System catalogs},
    url={https://www.postgresql.org/docs/current/catalogs.html}
}

@online{PostgreSQLdocc52,
    title={PostgreSQL Documentation. Chapter 52. System views},
    url={https://www.postgresql.org/docs/current/views.html},
		urldate={2025-04-21}
}

@online{PostgreSQLdocc3p4,
    title={PostgreSQL Documentation. Chapter 3. Advanced Features. P.3.4. Transactions},
    url={https://www.postgresql.org/docs/current/tutorial-transactions.html},
		urldate={2025-04-21}
}

@online{PostgreSQLdocc27,
    title={PostgreSQL Documentation. Chapter 27. Monitoring Database Activity},
    url={https://www.postgresql.org/docs/current/monitoring.html},
		urldate={2025-04-21}
}

@online{PostgreSQLdocc28,
    title={PostgreSQL Documentation. Chapter 28. Reliability and the Write-Ahead Log. Part III. Server Administration},
    url={https://www.postgresql.org/docs/current/wal.html},
		urldate={2025-04-21}
}

@online{PostgreSQLdocc65,
    title={PostgreSQL Documentation. Chapter 65. Database Physical Storage},
    url={https://www.postgresql.org/docs/current/storage.html},
		urldate={2025-04-21}
}

@online{PostgreSQLdocc13,
    title={PostgreSQL Documentation. Chapter 13. Concurrency Control},
    url={https://www.postgresql.org/docs/current/mvcc.html},
		urldate={2025-04-21}
}

@online{PostgreSQLdocc19,
    title={PostgreSQL Documentation. Chapter 19. Server Configuration},
    url={https://www.postgresql.org/docs/current/runtime-config.html},
		urldate={2025-04-21}
}

@online{PostgreSQLdocc37,
    title={PostgreSQL Documentation. Chapter 37. Triggers},
    url={https://www.postgresql.org/docs/current/triggers.html},
		urldate={2025-04-21}
}

@online{Postgresqlcom,
    title={Postgre SQL Commands. Part 6. Reference},
    url={https://www.postgresql.org/docs/current/sql-commands.html},
		urldate={2025-04-21}
}

@online{Postgresqltrig,
    title={PostgreSQL 7.4.30 Documentation. Chapter 35. Triggers},
    url={https://www.postgresql.org/docs/7.4/triggers.html},
		urldate={2025-04-21}
}

@online{PostgreSQLlockh1,
    title={PostgreSQL Source Code. lock.h},
    url={https://doxygen.postgresql.org/lock_8h_source.html},
		urldate={2025-04-21}
}

@online{PostgreSQLlockh2,
    title={PostgreSQL Source Code. lock.h File Reference},
    url={https://doxygen.postgresql.org/lock_8h.html},
		urldate={2025-04-21}
}

@online{PostgreSQLlockc1,
    title={GitHub PostgreSQL. lock.c},
    url={https://github.com/postgres/postgres/blob/master/src/backend/storage/lmgr/lock.c},
		note={commit: 51a0382e8d8793b5cc89b69285e5ecdffe03c2bf},
		urldate={2025-04-21}
}

@online{PostgreSQLlockc2,
    title={PostgreSQL Source Code. lock.c File Reference},
    url={https://doxygen.postgresql.org/lock_8c.html},
		urldate={2025-04-21}
}

@online{PgStatStatements1,
    title={PostgreSQL Documentation. Appendix F. F.30.},
    url={https://www.postgresql.org/docs/current/pgstatstatements.html},
		urldate={2025-04-21}
}

@online{PgReference1,
    title={PostgreSQL Documentation. Reference. SQL Commands},
    url={https://www.postgresql.org/docs/current/sql-commands.html},
		urldate={2025-04-21}
}

@online{HabrDataOrgp1,
    title={PostgreSQL 16. Организация данных. Часть 1},
    url={https://habr.com/ru/articles/813781/},
		urldate={2025-04-21}
}

@online{Mysqldoc1,
    title={MySQL 8.0 Reference Manual. Chapter 28},
    url={https://dev.mysql.com/doc/refman/8.0/en/information-schema.html},
		urldate={2025-04-21}
}

@online{Mysqldoc2,
    title={MySQL 8.0 Reference Manual. Chapter 29},
    url={https://dev.mysql.com/doc/refman/8.0/en/performance-schema.html},
		urldate={2025-04-21}
}

@online{Mysqldoc3,
    title={MySQL 8.0 Reference Manual. MySQL Server Logs},
    url={https://dev.mysql.com/doc/refman/8.0/en/binary-log.html},
		urldate={2025-04-21}
}

@online{Mysqldoc4,
    title={MySQL 8.0 Reference Manual. Chapter 17},
    url={https://dev.mysql.com/doc/refman/8.0/en/innodb-storage-engine.html},
		urldate={2025-04-21}
}

@online{Mysqldoc5,
    title={MySQL 8.0 Reference Manual. Chapter 15},
    url={https://dev.mysql.com/doc/refman/8.0/en/sql-statements.html},
		urldate={2025-04-21}
}

@online{Mysqldoc6,
    title={MySQL 8.0 Reference Manual. Chapter 27},
    url={https://dev.mysql.com/doc/refman/8.4/en/stored-objects.html},
		urldate={2025-04-21}
}

@online{Mysqldoc7,
    title={MySQL 8.0 Reference Manual. Chapter 7. Paragraph 4},
    url={https://dev.mysql.com/doc/refman/8.0/en/server-logs.html},
		urldate={2025-06-10}
}

@online{WashCoursesLec5,
    title={Lecture 5. Transactions},
    url={https://courses.cs.washington.edu/courses/csep544/10au/slides/lecture05-transactions-concurrency-control.pdf},
		urldate={2025-06-04}
}

@online{YTcoursepostgre,
    title={DBA1-13. 09. Системный каталог},
    url={https://www.youtube.com/watch?v=i6NQDPINglc},
    urldate = {2025-06-04}
}

@online{IntuitMySQLadm,
    title={Администрирование MySQL. Лекция 7: Каталог данных MySQL},
    url={https://intuit.ru/studies/curriculums/14658/courses/165/lecture/4530},
    urldate = {2025-06-04}
}

@online{IntuitThreats,
    title={Основы информационной безопасности. Лекция 3: Наиболее распространенные угрозы},
    url={https://intuit.ru/studies/courses/10/10/lecture/300},
		urldate={2025-04-21}
}

@online{HabrTsql,
    title={Исследуем базы данных с помощью T-SQL},
    url={https://habr.com/ru/articles/241079/},
    urldate = {2025-06-04}
}

@online{HabrCloudThreats,
    title={Угрозы облачных вычислений и методы их защиты},
    url={https://habr.com/ru/articles/183168/},
    urldate = {2025-06-04}
}

@online{professorweb,
    title={Transact-SQL. Системный каталог},
    url={https://professorweb.ru/my/sql-server/2012/level3/3_4.php},
    urldate = {2025-06-04}
}

@online{MicrosoftLearnSQLserver,
    title={Microsoft SQL Server. Представления системного каталога (Transact-SQL)},
    url={https://learn.microsoft.com/ru-ru/sql/relational-databases/system-catalog-views/catalog-views-transact-sql?view=sql-server-ver16},
    urldate = {2025-06-04}
}

@online{MicrosoftLearnDDLTrig,
    title={Microsoft SQL Server. DDL Triggers},
    url={https://learn.microsoft.com/en-us/sql/relational-databases/triggers/ddl-triggers?view=sql-server-ver16},
    urldate = {2025-06-04}
}

@online{MicrosoftLearnNestTrig,
    title={Microsoft SQL Server. Create Nested Triggers},
    url={https://learn.microsoft.com/en-us/sql/relational-databases/triggers/create-nested-triggers?view=sql-server-ver17},
    urldate = {2025-06-04}
}

@online{MicrosoftLearnSQLserverInd,
    title={Microsoft SQL Server. Indexes},
    url={https://learn.microsoft.com/en-us/sql/relational-databases/indexes/indexes?view=sql-server-ver16},
    urldate = {2025-06-04}
}

@online{MicrosoftLearnSQLserverSysDymView,
    title={Microsoft SQL Server. System dynamic management views},
    url={https://learn.microsoft.com/en-us/sql/relational-databases/system-dynamic-management-views/system-dynamic-management-views?view=sql-server-ver16},
    urldate = {2025-06-04}
}

@online{MicrosoftLearnSQLserverTab,
    title={Microsoft SQL Server. Tables},
    url={https://learn.microsoft.com/en-us/sql/relational-databases/tables/tables?view=sql-server-ver16},
    urldate = {2025-06-04}
}

@online{MicrosoftLearnSQLserverPerm,
    title={Microsoft SQL Server. Get started with Database Engine permissions},
    url={https://learn.microsoft.com/en-us/sql/relational-databases/security/authentication-access/getting-started-with-database-engine-permissions?view=sql-server-ver16},
    urldate = {2025-06-04}
}

@online{MicrosoftLearnSQLserverTransLog,
    title={Microsoft SQL Server. The transaction log},
    url={https://learn.microsoft.com/en-us/sql/relational-databases/logs/the-transaction-log-sql-server?view=sql-server-ver16},
    urldate = {2025-06-04}
}

@online{msSysKeyConstraints,
    title={Microsoft SQL Server.},
    url={https://learn.microsoft.com/en-us/sql/relational-databases/system-catalog-views/sys-key-constraints-transact-sql?view=sql-server-ver17},
    urldate = {2025-06-04}
}

@online{MicrosoftLearnSQLserverQueryStat,
    title={Microsoft SQL Server.},
    url={https://learn.microsoft.com/en-us/sql/relational-databases/system-dynamic-management-views/sys-dm-exec-query-stats-transact-sql?view=sql-server-ver16},
    urldate = {2025-06-04}
}

@online{MicrosoftLearnSQLserverTranLocks,
    title={Microsoft SQL Server.},
    url={https://learn.microsoft.com/en-us/sql/relational-databases/system-dynamic-management-views/sys-dm-tran-locks-transact-sql?view=sql-server-ver16},
    urldate = {2025-06-04}
}

@online{MicrosoftLearnSQLserverMasterdb,
    title={Microsoft SQL Server. Master database},
    url={https://learn.microsoft.com/en-us/sql/relational-databases/databases/master-database?view=sql-server-ver16},
    urldate = {2025-06-04}
}

@online{MicrosoftLearnSQLserverTempdb,
    title={Microsoft SQL Server. tempdb database},
    url={https://learn.microsoft.com/en-us/sql/relational-databases/databases/tempdb-database?view=sql-server-ver16},
    urldate = {2025-06-04}
}

@online{MicrosoftLearnSQLserverDBfiles,
    title={Microsoft SQL Server. Database files and filegroups},
    url={https://learn.microsoft.com/en-us/sql/relational-databases/databases/database-files-and-filegroups?view=sql-server-ver16},
    urldate = {2025-06-04}
}

@online{MicrosoftLearnSQLserverFileLoc,
    title={Microsoft SQL Server. File locations..},
    url={https://learn.microsoft.com/en-us/sql/sql-server/install/file-locations-for-default-and-named-instances-of-sql-server?view=sql-server-ver16}
}

@online{MicrosoftLearnSQLserverIsolation,
    title={Microsoft SQL Server. Set transaction isolation},
    url={https://learn.microsoft.com/en-us/sql/t-sql/statements/set-transaction-isolation-level-transact-sql?view=sql-server-ver16},
    urldate = {2025-06-04}
}

@online{MicrosoftLearnSQLserverTabHints,
    title={Microsoft SQL Server. Table hints},
    url={https://learn.microsoft.com/en-us/sql/t-sql/queries/hints-transact-sql-table?view=sql-server-ver16},
    urldate = {2025-06-04}
}

@online{MicrosoftLearnSQLserverTransLock,
    title={Microsoft SQL Server. Transaction locking and row versioning guide},
    url={https://learn.microsoft.com/en-us/sql/relational-databases/sql-server-transaction-locking-and-row-versioning-guide?view=sql-server-ver16},
    urldate = {2025-06-04}
}

@online{MicrosoftLearnSQLserverSetLockTout,
    title={Microsoft SQL Server. SET LOCK TIMEOUT},
    url={https://learn.microsoft.com/en-us/sql/t-sql/statements/set-lock-timeout-transact-sql?view=sql-server-ver16},
    urldate = {2025-06-04}
}

@online{OracleRedoLog,
    title={Oracle Database Administrator's Guide 11g Release 2 (11.2). What Is the Redo Log?},
    url={https://docs.oracle.com/cd/E18283_01/server.112/e17120/onlineredo001.htm},
    urldate = {2025-06-04}
}

@online{oracledbdoc0,
    title={Oracle Database Reference. Part I Initialization Parameters},
    url={https://docs.oracle.com/en/database/oracle/oracle-database/19/refrn/initialization-parameters-2.html},
    urldate = {2025-06-04}
}

@online{oracledbdoc1,
    title={Oracle Database Reference. Part II Static Data Dictionary Views},
    url={https://docs.oracle.com/en/database/oracle/oracle-database/19/refrn/static-data-dictionary-views.html}
}

@online{oracledbdoc2,
    title={Oracle Database Reference. Part III Dynamic Performance Views},
    url={https://docs.oracle.com/en/database/oracle/oracle-database/19/refrn/dynamic-performance-views.html},
    urldate = {2025-06-04}
}

@online{oracledbdoc6,
    title={Trigger Enhancements in Oracle Database},
    url={https://oracle-base.com/articles/11g/trigger-enhancements-11gr1},
    urldate = {2025-06-04}
}


@online{sqlhack1,
    title={All about locking in SQL Server},
    url={https://www.sqlshack.com/locking-sql-server/},
    urldate = {2025-06-04}
}

@online{bdufstec,
    url={https://bdu.fstec.ru/threat},
    year = 2025,
    urldate = {2025-04-29}
}

@techreport{fstec17,
  title       = {Приказ ФСТЭК России от 11.02.2013 N 17 (ред. от 28.08.2024) "Об утверждении Требований о защите информации, не составляющей государственную тайну, содержащейся в государственных информационных системах" (Зарегистрировано в Минюсте России 31.05.2013 N 28608)},
  institution = {ФЕДЕРАЛЬНАЯ СЛУЖБА ПО ТЕХНИЧЕСКОМУ И ЭКСПОРТНОМУ КОНТРОЛЮ (ФСТЭК РОССИИ)},
  url={https://www.consultant.ru/document/cons_doc_LAW_147084/}
}

@online{oracledbdoc3,
    title={Oracle Database Security Guide. Part II Managing Security for Oracle Database Users},
    url={https://docs.oracle.com/en/database/oracle/oracle-database/19/dbseg/managing-security-for-oracle-database-users.html#GUID-8C779885-01F2-48E0-9612-E33508885B19},
    urldate = {2025-06-04}
}

@online{oracledbdoc4,
    title={Oracle Database Installation Guide. Ch.9. Getting started with Oracle Database. Identifying Tablespaces and Data Files},
    url={https://docs.oracle.com/en/database/oracle/oracle-database/19/ntdbi/identifying-tablespaces-and-data-files.html},
    urldate = {2025-06-04}
}

@online{oracledbdoc5,
    title={Oracle Database Concepts. Part III. Oracle Transaction Management. Ch.9. Data Concurrency and Consistency},
    url={https://docs.oracle.com/en/database/oracle/oracle-database/19/cncpt/data-concurrency-and-consistency.html#GUID-E8CBA9C5-58E3-460F-A82A-850E0152E95C},
    urldate = {2025-06-04}
}

@online{oracledbdoc7,
    title={Oracle Database CREATE TRIGGER},
    url={https://docs.oracle.com/cd/B13789_01/server.101/b10759/statements_7004.htm},
    urldate = {2025-06-04}
}

@online{oracledbdoc8,
    title={Oracle Database Using Trigger},
    url={https://docs.oracle.com/cd/B10500_01/appdev.920/a96590/adg13trg.htm},
    urldate = {2025-06-04}
}

@online{oracledbreference,
    title={Oracle SQL Language Reference},
    url={https://docs.oracle.com/en/database/oracle/oracle-database/19/sqlrf/},
    urldate = {2025-06-04}
}

@online{oracleessentialsc7,
    title={Oracle Essentials. Ch. 7. Multiuser Concurrency},
    url={https://web.stanford.edu/class/cs345d-01/rl/oracle-locking.html},
    urldate = {2025-06-04}
}

@online{WikiExploit,
    author={Wikipedia},
    title={Уязвимость (компьютерная безопасность)},
    url={https://ru.wikipedia.org/wiki/Уязвимость_(компьютерная_безопасность)}
}
@online{KasperskyDailyOAuth,
    title={Google OAuth и фантомные аккаунты},
    url={https://www.kaspersky.ru/blog/vulnerability-in-google-oauth/36822/},
    urldate = {2025-06-04}
}

@book{DMSSMthed,
    author    = {Ramakrishnan R., Gehrke J.},
    title     = {{Database Management Systems Solutions Manual. 3rd edition}},
    publisher = {McGrawHill},
    year = 2002,
    url = {https://pages.cs.wisc.edu/~dbbook/openAccess/thirdEdition/solutions/ans3ed-oddonly.pdf}
}

@book{ElmasriNavathe,
    author    = {Ramez Elmasri, Shamkant B. Navathe},
    title     = {{Fundamentals of Database Systems. 6th edition}},
    publisher = {Addison-Wesley (Pearson)},
    year      = 2010,
    url = {https://asolanki.co.in/wp-content/uploads/2019/02/Fundamentals_of_Database_Systems_6th_Edition-1.pdf}
}

@book{Silberschatz,
    author    = {Abraham Silberschatz, Henry F. Korth, S. Sudarshan},
    title     = {{Database System Concepts. 7th edition}},
    publisher = {McGrawHill},
    year      = 2020,
    url = {https://github.com/Moataz-Elmesmary/Data-Science-Roadmap/blob/main/Books/Abraham%20Silberschatz%2C%20Henry%20Korth%20and%20S.%20Sudarshan%20-%20Database%20System%20Concepts.%207-McGraw-Hill%20Education%20(2020).pdf}
}

@article{ASDViews,
	title={ASDViews (relational databases)},
	author={C. Garvey and A. Wu},
	journal={Proceedings. 1988 IEEE Symposium on Security and Privacy},
	year={1988},
	publisher={IEEE}
}

@online{RT-SOLAR-conf,
	title={Угрозы конфиденциальной информации},
	year={2025},
	publisher={RT-SOLAR},
	url = {https://rt-solar.ru/products/solar_dozor/blog/3046/},
	urldate = {2024-04-29}
}

@online{ Microsoft-TDE,
	title={Transparent data encryption (TDE)},
	year={2024},
	publisher={Microsoft},
	url = {https://learn.microsoft.com/en-us/sql/relational-databases/security/encryption/transparent-data-encryption?view=sql-server-ver16},
	urldate = {2025-04-29}
}

@online{ Oracle-TDE,
	title={Introduction to Transparent Data Encryption},
	year={2025},
	publisher={Oracle},
	url = {https://docs.oracle.com/en/database/oracle/oracle-database/19/asoag/introduction-to-transparent-data-encryption.html#GUID-62AA9447-FDCD-4A4C-B563-32DE04D55952},
	urldate = {2025-04-29}
}

@online{ IBM-CLE,
	title={Column-level encryption},
	year={2025},
	publisher={IBM},
	url = {https://www.ibm.com/docs/en/informix-servers/12.10.0?topic=data-column-level-encryption},
	urldate = {2025-04-29}
}

@online{ CryptDB,
	title={CryptDB: обработка информации в БД без её дешифрования},
	year={2011},
	url = {https://habr.com/ru/articles/134966/},
	urldate = {2025-04-29}
}

@online{ MIT-CryptDB,
	title={cryptdb},
	year={2025},
	url = {https://css.csail.mit.edu/cryptdb/},
	urldate = {2025-04-29}
}

@online{ DB-ENC,
	title={Data Encryption},
	year={2025},
	url = {https://www.imperva.com/learn/data-security/data-encryption/},
	urldate = {2025-04-29}
}

@online{ SEE,
	title={How To Compile And Use SEE},
	year={2025},
	url = {https://www.sqlite.org/see/doc/trunk/www/readme.wiki},
	urldate = {2025-04-29}
}

@online{ SQLCipher-auth,
	title={Security Design},
	year={2025},
	url = {https://www.zetetic.net/sqlcipher/design/},
	urldate = {2025-04-29}
}

@article{ Sintra,
	title={A practical approach to high assurance multilevel secure computing service},
	author={J.N. Froscher and M. Kang and J.McDermott and O. Costich and C. E. Landwehr},
	year={1995},
	url = {https://www.researchgate.net/publication/3593873_A_practical_approach_to_high_assurance_multilevel_secure_computing_service},
	urldate = {2025-04-29},
	doi = {10.1109/CSAC.1994.367324}
	
}

@online{arx-deidentifier-org,
	title={ARX Data Anonymization Tool},
	year={2025},
	url = {https://arx.deidentifier.org},
	urldate = {2025-04-29}
}

@online{differentialprivacy-org,
	title={The Theory of Reconstruction Attacks},
	year={2025},
	url = {https://differentialprivacy.org/reconstruction-theory},
	urldate = {2025-04-29}
}

@online{cornell-edu,
	title={Reconstruction-abetted re-identification attacks and other traditional vulnerabilities},
	year={2025},
	url = {https://blogs.cornell.edu/abowd/special-materials/245-2/},
	urldate = {2025-04-29}
}

@online{journals-plos-org,
	title={Enabling realistic health data re-identification risk assessment through adversarial modeling},
	year={2025},
	url = {https://pmc.ncbi.nlm.nih.gov/articles/PMC8711654/},
	urldate = {2025-04-29}
}

@online{ISO-IEC-20889-2018,
    title={ISO-IEC-20889-2018},
    year={2025},
    url = {https://cdn.standards.iteh.ai/samples/69373/f0200837a1484de9891b77fb7688e24b/ISO-IEC-20889-2018.pdf},
    urldate = {2025-04-29}
}

@online{ISO-IEC-27559-2022,
    title={ISO-IEC-27559-2022},
    year={2025},
    url = {https://www.iso.org/standard/71677.html},
    urldate = {2025-04-29}
}

@online{census-gov,
    title={Census Bureau Sets Key Parameters to Protect Privacy in 2020 Census Results},
    year={2025},
    url = {https://www.census.gov/newsroom/press-releases/2021/2020-census-key-parameters.html},
    urldate = {2025-04-29}
}

@online{nvlpubs-nist-gov,
    title={Guidelines for Evaluating Differential Privacy Guarantees},
    year={2025},
    url = {https://csrc.nist.gov/pubs/sp/800/226/final},
    urldate = {2025-04-29}
}

@online{unstats-un-org,
    title={Fundamental Principles of Official Statistics},
    year={2025},
    url = {https://unstats.un.org/unsd/dnss/gp/fundprinciples.aspx},
    urldate = {2025-04-29}
}

@online{journalprivacyconfidentiality-org,
    title={Cryptanalysis of Basic Bloom Filters Used for Privacy Preserving Record Linkage},
    year={2025},
    url = {https://journalprivacyconfidentiality.org/index.php/jpc/article/view/640},
    urldate = {2025-04-29}
}

@online{rg-ru,
    title={Закон об официальном статучете и системе госстатистики},
    year={2025},
    url = {https://rg.ru/documents/2007/12/06/statistika-dok.html},
    urldate = {2025-04-29}
}

@online{GOST,
    title={Базовая архитектура защиты персональных данных},
    year={2025},
    url = {https://docs.cntd.ru/document/1200179663},
    urldate = {2025-04-29}
}

@online{GDPR25,
    title={Article 25 GDPR. Data protection by design and by default},
    year={2025},
    url = {https://gdpr-text.com/ru/read/article-25},
    urldate = {2025-04-29}
}

@online{GDPR89,
    title={Article 89 GDPR. Safeguards and derogations relating to processing for archiving purposes in the public interest, scientific or historical research purposes or statistical purposes},
    year={2025},
    url = {https://gdpr-text.com/ru/read/article-89},
    urldate = {2025-04-29}
}

@online{FZ152,
    title={Федеральный закон от 27.07.2006 N 152-ФЗ (ред. от 02.07.2021) "О персональных данных" (с изменениями и дополнениями)},
    year={2025},
    url = {https://www.consultant.ru/document/cons_doc_LAW_61801/},
    urldate = {2025-04-29}
}

@online{pydp-readthedocs-io,
    title={Google differential privacy},
    year={2025},
    url = {https://github.com/google/differential-privacy},
    urldate = {2025-04-29}
}

@article{denning1987seaview,
	title={The SeaView security model},
	year={1987},
	author={Denning D. E. and Lunt T. F. and Schell R. R. and Heckman M. and Shockley W. R.},
	doi={10.1109/SECPRI.1988.8114},
	urldate={2025-06-08},
	url={https://ieeexplore.ieee.org/document/8114}
}

@book{OszuValduriez,
    author    = {M. Tamer Özsu, Patrick Valduriez},
    title     = {{Principles of Distributed Database Systems, Third Edition}},
    publisher = {Springer},
    year      = 2010,
    url = {https://cs.uwaterloo.ca/~tozsu/ddbook/}
}

@article{RajeshKumar,
	author = {Siddharth Choudhary Rajesh, Dr. Ravinder Kumar},
	journal = {International Journal of Research in all Subjects in Multi Languages},
	year = {2025},
	title = {{High Availability Strategies in Distributed Systems: A Practical Guide}},
	url = {https://www.researchgate.net/publication/388075854_High_Availability_Strategies_in_Distributed_Systems_A_Practical_Guide}
}

@book{Kleppmann,
    author    = {Martin Kleppmann},
    title     = {{Designing Data-Intensive Applications: The Big Ideas Behind Reliable, Scalable, and Maintainable Systems}},
    publisher = {O'Reilly Media},
    year      = 2017,
    url = {https://archive.org/details/designing-data-intensive-applications-th/page/n5/mode/2up}
}

@book{GarciaMolina,
    author    = {Hector Garcia-Molina, Jeffrey D. Ullman, Jennifer Widom},
    title     = {{Database Systems: The Complete Book. 2nd edition}},
    publisher = {Pearson},
    year      = 2008,
    url = {https://people.inf.elte.hu/kiss/DB/ullman_the_complete_book.pdf}
}

@book{Bernstein,
    author    = {Bernstein P., Hadzilacos V., Goodman N.},
    title     = {{Concurrency Control and Recovery in Database Systems}},
    publisher = {Addison},
    year      = 1987
}

@online{SameerParadkar,
    title={Designing for Uptime: A Framework for High Availability Systems},
    url={https://medium.com/oolooroo/designing-for-uptime-a-framework-for-high-availability-systems-9d0caeb42397}, 
    urldate={2025-06-08}
}

@online{heycoachHAA,
    title={High Availability Architectures},
    url={https://blog.heycoach.in/high-availability-architectures/}, 
    urldate={2025-06-08}
}

@online{OracleRAC,
    title={Disaster recovery options in the cloud},
    url={https://www.oracle.com/database/real-application-clusters/}, 
    urldate={2025-06-08}
}

@online{AmazonRds,
    title={Disaster recovery options in the cloud},
    url={https://docs.aws.amazon.com/whitepapers/latest/disaster-recovery-workloads-on-aws/disaster-recovery-options-in-the-cloud.html}, 
    urldate={2025-06-08}
}

@online{AmazonRds2,
    title={Amazon RDS Multi-AZ},
    url={https://aws.amazon.com/rds/features/multi-az/}, 
    urldate={2025-06-08}
}

@article{Afonin,
	author = {Игорь Афонин},
	year = {2014},
	title = {{Решение для обеспечения постоянной доступности информационных систем}},
	url = {https://www.cta.ru/articles/cta/obzory/tekhnologii/124642/}, 
    urldate={2025-06-08}    
}

@online{SQLDeveloper,
    title={SQL Developer. A great tool and better ways to use it},
    url={https://www.red-gate.com/simple-talk/databases/oracle-databases/sql-developer-a-great-tool-and-better-ways-to-use-it/}, 
    urldate={2025-06-08}
}

@book{SnedakerS,
    author    = {Susan Snedaker},
    title     = {{Business Continuity and Disaster Recovery}},
    publisher = {Syngress},
    year      = 2007,
    url = {https://archive.org/details/susan-snedaker-business-continuity-and-disaster-recovery-planning-for-it-professionals-syngress-2007}
}

@article{RajeshBasa,
	author = {Rajesh Basa},
    journal = {International Journal for Multidisciplinary Research (IJFMR)},
	year = {2024},
	title = {{Cloud Disaster Recovery: Best Practices for Business Continuity in the Cloud}},
	url = {https://www.ijfmr.com/papers/2024/5/28745.pdf}
}

@book{WallaceWebber,
    author    = {Wallace M., Webber L},
    title     = {{The Disaster Recovery Handbook}},
    publisher = {AMACOM},
    year      = 2018,
    url = {https://www.yourhomeworksolutions.com/wp-content/uploads/edd/2021/05/The_disaster_recovery_handbook__a_step-by-step_plan_-_3rd_edition_4.pdf}
}

@online{NginxDocs1,
    title={Configuring Active-Active High Availability},
    url={https://docs.nginx.com/nginx/admin-guide/high-availability/ha-keepalived-nodes/}, 
    urldate={2025-06-08}
}

@online{AvailMashtab,
    title={Проектирование системы – горизонтальное и вертикальное масштабирование},
    url={https://andreyex.ru/servera/proektirovanie-sistemy-gorizontalnoe-i-vertikalnoe-masshtabirovanie/?amp=1}, 
    urldate={2025-06-08}
}

@online{StatefulSetsApps,
    title={StatefulSets Applications in Kubernetes},
    url={https://www.scaler.com/topics/kubernetes/kubernetes-statefulset/}, 
    urldate={2025-06-08}
}

@online{AuroraAutoScaling,
    title={Aurora Auto Scaling in AWS},
    url={https://www.scaler.com/topics/aws/aurora-auto-scaling/}, 
    urldate={2025-06-08}
}

@online{Alshahrani,
    author = {A. Alshahrani and A. Alghamdi and others},
    title = {High Availability of Distributed Systems: A Survey},
    year = {2024},
    url = {https://arxiv.org/abs/2405.09499},
    urldate = {2025-06-08}
}

@online{Dutta,
    author = {S. Dutta and S. Chalamalasetti and others},
    title = {Building and Operating Highly Available Distributed Systems},
    year = {2019},
    url = {https://link.springer.com/article/10.1007/s00778-019-00581-w},
    note = {Springer Journal of Data Science and Engineering},
    urldate = {2025-06-08}
}

@online{Exadata,
    title = {Oracle Maximum Availability Architecture on Oracle Exadata Cloud Systems},
    url = {https://docs.oracle.com/en/database/oracle/oracle-database/23/haovw/oracle-maximum-availability-architecture-oracle-exadata-cloud-systems.html},
    note = {Официальная документация Oracle},
    urldate = {2025-06-08}
}

@online{Nvme,
    author = {Gabriel Haas and Viktor Leis},
    title = {Analyzing NVMe SSD Performance for Database Systems},
    year = {2023},
    url = {https://vldb.org/pvldb/vol16/p2090-haas.pdf},
    note = {Proceedings of the VLDB Endowment (PVLDB)},
    urldate = {2025-06-08}
}

@online{Nvmeof,
    title = {NVM Express Over Fabrics Specification},
    url = {https://nvmexpress.org/wp-content/uploads/NVMe_Over_Fabrics.pdf},
    urldate = {2025-06-08}
}

@online{GaleraCl,
    title = {Galera Cluster},
    url = {https://galeracluster.com/products/},
    note = {Официальный сайт Galera Cluster},
    urldate = {2025-06-08}
}

@online{Openarc,
    title = {Orchestrator - MySQL replication topology management and HA tool},
    url = {https://github.com/openark/orchestrator/blob/master/README.md},
    urldate = {2025-06-08}
}

@online{Sosemkaram,
    author = {Premathas Somasekaram and Radu Calinescu and Rajkumar Buyya},
    title = {High Availability and Disaster Recovery in Cloud Platforms: A Survey},
    url = {https://arxiv.org/abs/2109.15139},
    urldate = {2025-06-08}
}

@online{Choudhury,
    author = {Sid Choudhury},
    title = {How Does the Raft Consensus Based Replication Protocol Work in YugabyteDB?},
    url = {https://www.yugabyte.com/blog/how-does-the-raft-consensus-based-replication-protocol-work-in-yugabyte-db/},
    urldate = {2025-06-08}
}

@online{FBShardManager,
    title = {Scaling services with Shard Manager},
    author = {{Facebook Engineering}},
    year = {2020},
    url = {https://engineering.fb.com/2020/08/24/production-engineering/scaling-services-with-shard-manager/},
    urldate = {2025-06-08}
}

@online{FBRaftMeta,
    title = {MySQL Raft Meta at Facebook},
    author = {{Facebook Engineering}},
    year = {2023},
    url = {https://engineering.fb.com/2023/05/16/data-infrastructure/mysql-raft-meta/},
    urldate = {2025-06-08}
}

@online{TAODistributedGraph,
    title = {Facebook’s TAO Distributed Social Graph},
    author = {Ankit Trehan},
    url = {https://ankittrehan2000.medium.com/facebooks-tao-distributed-social-graph-5857641620da},
    urldate = {2025-06-08}
}

@online{NetflixSimianArmy,
    title = {The Netflix Simian Army},
    author = {{Netflix Tech Blog}},
    url = {https://netflixtechblog.com/the-netflix-simian-army-16e57fbab116},
    urldate = {2025-06-08}
}

@online{LitmusChaosIntro,
    title = {What is Litmus?},
    author = {{LitmusChaos Documentation}},
    url = {https://docs.litmuschaos.io/docs/introduction/what-is-litmus},
    urldate = {2025-06-08}
}

@online{ChaosMeshDocs,
    title = {Chaos Mesh Documentation},
    author = {{Chaos Mesh Project}},
    url = {https://chaos-mesh.org/docs/},
    urldate = {2025-06-08}
}

@online{GoogleDremel,
    title = {Dremel: Interactive Analysis of Web-Scale Datasets},
    author = {{Google Research}},
    year = {2010},
    url = {https://research.google.com/pubs/archive/43438.pdf},
    urldate = {2025-06-08}
}

@online{USENIXLi,
    title = {Towards a Strongly Consistent Distributed Metadata Store},
    author = {Nanqinqin Li et al.},
    year = {2022},
    url = {https://www.usenix.org/system/files/atc22-li-nanqinqin.pdf},
    urldate = {2025-06-08}
}

@online{SplitBrainEtcd,
    title = {Understanding Split Brain Scenarios in Distributed Systems and How etcd Mitigates Them},
    author = {Sithara Wanigasooriya},
    url = {https://sithara-wanigasooriya.medium.com/understanding-split-brain-scenarios-in-distributed-systems-and-how-etcd-mitigates-them-e3007acd506d},
    urldate = {2025-06-08}
}

@online{GremlinChaosEngineering,
    title = {Chaos Engineering},
    author = {{Gremlin Inc.}},
    url = {https://www.gremlin.com/chaos-engineering},
    urldate = {2025-06-08}
}

@online{CAPTheoremGeeks,
    title = {CAP Theorem in System Design},
    author = {{GeeksforGeeks}},
    url = {https://www.geeksforgeeks.org/cap-theorem-in-system-design/},
    urldate = {2025-06-08}
}

@online{CAPTheoremIBM,
    title = {CAP theorem},
    author = {{IBM Think Blog}},
    url = {https://www.ibm.com/think/topics/cap-theorem},
    urldate = {2025-06-08}
}

@online{Corbett,
    author = {James C. Corbett and Jeffrey Dean and Michael Epstein and others},
    title = {Spanner: Google's Globally-Distributed Database},
    year = {2012},
    url = {https://research.google.com/archive/spanner-osdi2012.pdf},
    urldate = {2025-06-08}
}

@online{KasperskyIoC,
    title = {Indicator of Compromise, IoC},
    url = {https://encyclopedia.kaspersky.ru/glossary/indicator-of-compromise-ioc/},
    urldate = {2025-06-09}
}


@article{bertino,
  title={Database security—Concepts, approaches, and challenges},
  author={Bertino, Elisa and Sandhu, Ravi},
  journal={IEEE Transactions on Dependable and Secure Computing},
  volume={2},
  year={2005},
  doi={10.1109/TDSC.2005.9}
}

@book{kamra,
  title={Detecting anomalous access patterns in relational databases},
  author={Kamra, Ashish and Terzi, Evimaria and Bertino, Elisa},
  booktitle={Proceedings of the 13th International Conference on Very Large Data Bases (VLDB)},
  year={2006},
  organization={VLDB Endowment},
}


@article{debar,
  title={A revised taxonomy for intrusion-detection systems},
  author={Debar, Herv{\'e} and Dacier, Marc and Wespi, Andreas},
  journal={Annales des t{\'e}l{\'e}communications},
  volume={55},
  year={2000},
  doi={10.1007/BF02994709}
}

@online{mariaBackup,
    title = {MariaDB Server Documentation. Backing Up and Restoring Databases},
    url = {https://mariadb.com/kb/en/backing-up-and-restoring-databases/},
    urldate = {2025-06-10}
}